@incollection{bib1,
	title = {bib1title},
	booktitle = {bib1booktitle},
	publisher = {bib1publisher},
	author = {bib1author},
	editor = {bib1editor},
	year = {1995},
	pages = {1--2},
}

@article{bib2,
	title = {bib2title},
	volume = {20},
	issn = {0039470},
	url = {https://bib2/bib/1520572357169896192},
	number = {1},
	journal = {bib2journal},
	author = {太郎,bib2},
	year = {2010},
	note = {Publisher: bib2publisher},
	pages = {12--22},
}

